<?xml version="1.0" encoding="UTF-8"?><record xmlns="http://www.loc.gov/MARC21/slim" xmlns:cinclude="http://apache.org/cocoon/include/1.0" xmlns:zs="http://www.loc.gov/zing/srw/">
  <leader>00522cz  a2200181n  4500</leader>
  <controlfield tag="001">n  94044354 </controlfield>
  <controlfield tag="003">DLC</controlfield>
  <controlfield tag="005">20060301052428.0</controlfield>
  <controlfield tag="008">940509n| acannaabn          |n ana      </controlfield>
  <datafield tag="010" ind1=" " ind2=" ">
    <subfield code="a">n  94044354 </subfield>
  </datafield>
  <datafield tag="035" ind1=" " ind2=" ">
    <subfield code="a">(OCoLC)oca03600780</subfield>
  </datafield>
  <datafield tag="040" ind1=" " ind2=" ">
    <subfield code="a">DLC</subfield>
    <subfield code="b">eng</subfield>
    <subfield code="c">DLC</subfield>
    <subfield code="d">OCoLC</subfield>
  </datafield>
  <datafield tag="043" ind1=" " ind2=" ">
    <subfield code="a">n-us-hi</subfield>
  </datafield>
  <datafield tag="151" ind1=" " ind2=" ">
    <subfield code="a">Kahaluu (Hawaii)</subfield>
  </datafield>
  <datafield tag="670" ind1=" " ind2=" ">
    <subfield code="a">Wong, C. Spaceships overhead, c1994:</subfield>
    <subfield code="b">CIP galley (Kahaluu, Hawaii)</subfield>
  </datafield>
  <datafield tag="670" ind1=" " ind2=" ">
    <subfield code="a">AAA road atlas, 1985:</subfield>
    <subfield code="b">(Kahaluu, Hawaii, Hawaii)</subfield>
  </datafield>
  <datafield tag="675" ind1=" " ind2=" ">
    <subfield code="a">Rand McNally, 1977</subfield>
  </datafield>
  <datafield tag="781" ind1=" " ind2="0">
    <subfield code="z">Hawaii</subfield>
    <subfield code="z">Kahaluu</subfield>
  </datafield>
</record>